@article{ICAN,
        author = "Shengyue Ji and Guoliang Li and Chen Li and Jianhua Feng",
        title = "Efficient Interactive Fuzzy Keyword Seach",
        journal = "WWW '09 Proceedings of the 18th international conference on World wide web",
        year = "2009"
}

@article{IPCAN,
        author = "Shengyue Ji and Guoliang Li and Chen Li and Jianhua Feng",
        title = "Efficient Fuzzy Full-Text-Ahead Seach",
        journal = "The VLDB Journal",
        year = "2011"
}

@article{BEVA,
        author = "Xiaoling Zhou and Jianbin Qin and Chuan Xiao and Wei Wang and Xuemin Lin and Yoshiharu Ishikawa",
        title = "BEVA: An Efficient Query Processing Algorithm for Error-Tolerant Autocompletion",
        journal = "ACM Transactions on Database Systems (TODS) - Invited Paper from ICDT 2015, SIGMOD 2014, EDBT 2014 and Regular Papers",
        year = "2016"
}